<record xmlns="http://www.loc.gov/MARC21/slim" xmlns:xsi="http://www.w3.org/2001/XMLSchema-instance" xsi:schemaLocation="http://www.loc.gov/MARC21/slim http://www.loc.gov/standards/marcxml/schema/MARC21slim.xsd">

  <leader>00677nam a22001577a 4500</leader>
  <controlfield tag="008">160425b        xxu||||| |||| 00| 0 spa d</controlfield>
  <datafield ind2=" " ind1=" " tag="090">
    <subfield code="a">14.02.02 </subfield>
    <subfield code="b">2190 </subfield>
  </datafield>
  <datafield tag="100" ind2=" " ind1="1">
    <subfield code="9">1379</subfield>
    <subfield code="a">Grosser Guillén, Kattya</subfield>
  </datafield>
  <datafield tag="245" ind2="0" ind1="1">
    <subfield code="a">Antología de textos: adolescencia, poder y subjetividad en la institución educativa /</subfield>
    <subfield code="c">Kattya Grosser Guillén, compiladora</subfield>
  </datafield>
  <datafield tag="260" ind1=" " ind2=" ">
    <subfield code="a">[San José, Costa Rica] :</subfield>
    <subfield code="b">INIE,</subfield>
    <subfield code="c">214</subfield>
  </datafield>
  <datafield ind2=" " ind1=" " tag="300">
    <subfield code="a">1 volumen (en varias paginaciones) </subfield>
  </datafield>
  <datafield tag="500" ind2=" " ind1=" ">
    <subfield code="a"> Antología del taller: Adolescencia, poder y subjetividad en la institución educativa, impartido del 6 al 9 de octubre de 2014 en el INIE</subfield>
  </datafield>
  <datafield ind2="4" ind1="1" tag="650">
    <subfield code="9">5</subfield>
    <subfield code="a">ADOLESCENTES</subfield>
  </datafield>
  <datafield ind2="4" ind1="1" tag="650">
    <subfield code="9">1615</subfield>
    <subfield code="a">ANTOLOGÍA</subfield>
  </datafield>
  <datafield ind2=" " ind1=" " tag="942">
    <subfield code="2">z</subfield>
    <subfield code="c">04</subfield>
  </datafield>
  <datafield tag="999" ind1=" " ind2=" ">
    <subfield code="c">3158</subfield>
    <subfield code="d">3158</subfield>
  </datafield>
</record>